@article{doi:10.1080/01621459.2017.1285773,
author = {David M. Blei and Alp Kucukelbir and Jon D. McAuliffe},
title = {Variational Inference: A Review for Statisticians},
journal = {Journal of the American Statistical Association},
volume = {112},
number = {518},
pages = {859-877},
year  = {2017},
publisher = {Taylor & Francis},
doi = {10.1080/01621459.2017.1285773},
URL = { 
        https://doi.org/10.1080/01621459.2017.1285773
},
eprint = { 
        https://doi.org/10.1080/01621459.2017.1285773
}
}


@article{geigle2016inference,
  title={Inference Methods for Latent Dirichlet Allocation},
  author={Geigle, Chase},
  year={2016}
}
