@inproceedings{DBLP:conf/kdd/ChenG16,
  author    = {Tianqi Chen and
               Carlos Guestrin},
  title     = {XGBoost: {A} Scalable Tree Boosting System},
  booktitle = {Proceedings of the 22nd {ACM} {SIGKDD} International Conference on
               Knowledge Discovery and Data Mining, San Francisco, CA, USA, August
               13-17, 2016},
  pages     = {785--794},
  year      = {2016},
  crossref  = {DBLP:conf/kdd/2016},
  url       = {https://doi.org/10.1145/2939672.2939785},
  doi       = {10.1145/2939672.2939785},
  timestamp = {Fri, 30 Nov 2018 12:48:46 +0100},
  biburl    = {https://dblp.org/rec/bib/conf/kdd/ChenG16},
  bibsource = {dblp computer science bibliography, https://dblp.org}
}
@proceedings{DBLP:conf/kdd/2016,
  editor    = {Balaji Krishnapuram and
               Mohak Shah and
               Alexander J. Smola and
               Charu C. Aggarwal and
               Dou Shen and
               Rajeev Rastogi},
  title     = {Proceedings of the 22nd {ACM} {SIGKDD} International Conference on
               Knowledge Discovery and Data Mining, San Francisco, CA, USA, August
               13-17, 2016},
  publisher = {{ACM}},
  year      = {2016},
  url       = {https://doi.org/10.1145/2939672},
  doi       = {10.1145/2939672},
  isbn      = {978-1-4503-4232-2},
  timestamp = {Tue, 06 Nov 2018 16:59:37 +0100},
  biburl    = {https://dblp.org/rec/bib/conf/kdd/2016},
  bibsource = {dblp computer science bibliography, https://dblp.org}
}
