@article{DBLP:journals/jmlr/DuchiS09,
  author    = {John C. Duchi and
               Yoram Singer},
  title     = {Efficient Online and Batch Learning Using Forward Backward Splitting},
  journal   = {Journal of Machine Learning Research},
  volume    = {10},
  pages     = {2899--2934},
  year      = {2009},
  url       = {https://dl.acm.org/citation.cfm?id=1755882},
  timestamp = {Wed, 05 Dec 2018 15:20:24 +0100},
  biburl    = {https://dblp.org/rec/bib/journals/jmlr/DuchiS09},
  bibsource = {dblp computer science bibliography, https://dblp.org}
}

@article{DBLP:journals/jmlr/DuchiHS11,
  author    = {John C. Duchi and
               Elad Hazan and
               Yoram Singer},
  title     = {Adaptive Subgradient Methods for Online Learning and Stochastic Optimization},
  journal   = {Journal of Machine Learning Research},
  volume    = {12},
  pages     = {2121--2159},
  year      = {2011},
  url       = {http://dl.acm.org/citation.cfm?id=2021068},
  timestamp = {Sat, 21 Jan 2012 17:47:24 +0100},
  biburl    = {https://dblp.org/rec/bib/journals/jmlr/DuchiHS11},
  bibsource = {dblp computer science bibliography, https://dblp.org}
}

@article{DBLP:journals/jmlr/Xiao10,
  author    = {Lin Xiao},
  title     = {Dual Averaging Methods for Regularized Stochastic Learning and Online
               Optimization},
  journal   = {Journal of Machine Learning Research},
  volume    = {11},
  pages     = {2543--2596},
  year      = {2010},
  url       = {http://portal.acm.org/citation.cfm?id=1953017},
  timestamp = {Fri, 01 Apr 2011 14:32:51 +0200},
  biburl    = {https://dblp.org/rec/bib/journals/jmlr/Xiao10},
  bibsource = {dblp computer science bibliography, https://dblp.org}
}

@article{DBLP:journals/corr/abs-1009-3240,
  author    = {H. Brendan McMahan},
  title     = {Follow-the-Regularized-Leader and Mirror Descent: Equivalence Theorems
               and Implicit Updates},
  journal   = {CoRR},
  volume    = {abs/1009.3240},
  year      = {2010},
  url       = {http://arxiv.org/abs/1009.3240},
  archivePrefix = {arXiv},
  eprint    = {1009.3240},
  timestamp = {Mon, 13 Aug 2018 16:47:26 +0200},
  biburl    = {https://dblp.org/rec/bib/journals/corr/abs-1009-3240},
  bibsource = {dblp computer science bibliography, https://dblp.org}
}
@article{DBLP:journals/jmlr/LangfordLZ09,
  author    = {John Langford and
               Lihong Li and
               Tong Zhang},
  title     = {Sparse Online Learning via Truncated Gradient},
  journal   = {Journal of Machine Learning Research},
  volume    = {10},
  pages     = {777--801},
  year      = {2009},
  url       = {https://dl.acm.org/citation.cfm?id=1577097},
  timestamp = {Wed, 05 Dec 2018 15:20:24 +0100},
  biburl    = {https://dblp.org/rec/bib/journals/jmlr/LangfordLZ09},
  bibsource = {dblp computer science bibliography, https://dblp.org}
}
@inproceedings{DBLP:conf/icdm/Rendle10,
  author    = {Steffen Rendle},
  title     = {Factorization Machines},
  booktitle = {{ICDM} 2010, The 10th {IEEE} International Conference on Data Mining,
               Sydney, Australia, 14-17 December 2010},
  pages     = {995--1000},
  year      = {2010},
  crossref  = {DBLP:conf/icdm/2010},
  url       = {https://doi.org/10.1109/ICDM.2010.127},
  doi       = {10.1109/ICDM.2010.127},
  timestamp = {Wed, 14 Nov 2018 10:56:33 +0100},
  biburl    = {https://dblp.org/rec/bib/conf/icdm/Rendle10},
  bibsource = {dblp computer science bibliography, https://dblp.org}
}
@proceedings{DBLP:conf/icdm/2010,
  editor    = {Geoffrey I. Webb and
               Bing Liu and
               Chengqi Zhang and
               Dimitrios Gunopulos and
               Xindong Wu},
  title     = {{ICDM} 2010, The 10th {IEEE} International Conference on Data Mining,
               Sydney, Australia, 14-17 December 2010},
  publisher = {{IEEE} Computer Society},
  year      = {2010},
  url       = {http://ieeexplore.ieee.org/xpl/mostRecentIssue.jsp?punumber=5690658},
  isbn      = {978-0-7695-4256-0},
  timestamp = {Tue, 16 Sep 2014 18:00:18 +0200},
  biburl    = {https://dblp.org/rec/bib/conf/icdm/2010},
  bibsource = {dblp computer science bibliography, https://dblp.org}
}
@article{DBLP:journals/tist/Rendle12,
  author    = {Steffen Rendle},
  title     = {Factorization Machines with libFM},
  journal   = {{ACM} {TIST}},
  volume    = {3},
  number    = {3},
  pages     = {57:1--57:22},
  year      = {2012},
  url       = {https://doi.org/10.1145/2168752.2168771},
  doi       = {10.1145/2168752.2168771},
  timestamp = {Wed, 14 Nov 2018 10:42:13 +0100},
  biburl    = {https://dblp.org/rec/bib/journals/tist/Rendle12},
  bibsource = {dblp computer science bibliography, https://dblp.org}
}
@inproceedings{DBLP:conf/recsys/JuanZCL16,
  author    = {Yu{-}Chin Juan and
               Yong Zhuang and
               Wei{-}Sheng Chin and
               Chih{-}Jen Lin},
  title     = {Field-aware Factorization Machines for {CTR} Prediction},
  booktitle = {Proceedings of the 10th {ACM} Conference on Recommender Systems, Boston,
               MA, USA, September 15-19, 2016},
  pages     = {43--50},
  year      = {2016},
  crossref  = {DBLP:conf/recsys/2016},
  url       = {https://doi.org/10.1145/2959100.2959134},
  doi       = {10.1145/2959100.2959134},
  timestamp = {Tue, 06 Nov 2018 11:07:03 +0100},
  biburl    = {https://dblp.org/rec/bib/conf/recsys/JuanZCL16},
  bibsource = {dblp computer science bibliography, https://dblp.org}
}
@proceedings{DBLP:conf/recsys/2016,
  editor    = {Shilad Sen and
               Werner Geyer and
               Jill Freyne and
               Pablo Castells},
  title     = {Proceedings of the 10th {ACM} Conference on Recommender Systems, Boston,
               MA, USA, September 15-19, 2016},
  publisher = {{ACM}},
  year      = {2016},
  url       = {https://doi.org/10.1145/2959100},
  doi       = {10.1145/2959100},
  isbn      = {978-1-4503-4035-9},
  timestamp = {Tue, 06 Nov 2018 11:07:03 +0100},
  biburl    = {https://dblp.org/rec/bib/conf/recsys/2016},
  bibsource = {dblp computer science bibliography, https://dblp.org}
}
@inproceedings{DBLP:conf/pakdd/ChinZJL15,
  author    = {Wei{-}Sheng Chin and
               Yong Zhuang and
               Yu{-}Chin Juan and
               Chih{-}Jen Lin},
  title     = {A Learning-Rate Schedule for Stochastic Gradient Methods to Matrix
               Factorization},
  booktitle = {Advances in Knowledge Discovery and Data Mining - 19th Pacific-Asia
               Conference, {PAKDD} 2015, Ho Chi Minh City, Vietnam, May 19-22, 2015,
               Proceedings, Part {I}},
  pages     = {442--455},
  year      = {2015},
  crossref  = {DBLP:conf/pakdd/2015-1},
  url       = {https://doi.org/10.1007/978-3-319-18038-0\_35},
  doi       = {10.1007/978-3-319-18038-0\_35},
  timestamp = {Fri, 02 Nov 2018 09:48:46 +0100},
  biburl    = {https://dblp.org/rec/bib/conf/pakdd/ChinZJL15},
  bibsource = {dblp computer science bibliography, https://dblp.org}
}
@proceedings{DBLP:conf/pakdd/2015-1,
  editor    = {Tru Cao and
               Ee{-}Peng Lim and
               Zhi{-}Hua Zhou and
               Tu Bao Ho and
               David Wai{-}Lok Cheung and
               Hiroshi Motoda},
  title     = {Advances in Knowledge Discovery and Data Mining - 19th Pacific-Asia
               Conference, {PAKDD} 2015, Ho Chi Minh City, Vietnam, May 19-22, 2015,
               Proceedings, Part {I}},
  series    = {Lecture Notes in Computer Science},
  volume    = {9077},
  publisher = {Springer},
  year      = {2015},
  url       = {https://doi.org/10.1007/978-3-319-18038-0},
  doi       = {10.1007/978-3-319-18038-0},
  isbn      = {978-3-319-18037-3},
  timestamp = {Fri, 02 Nov 2018 09:48:46 +0100},
  biburl    = {https://dblp.org/rec/bib/conf/pakdd/2015-1},
  bibsource = {dblp computer science bibliography, https://dblp.org}
}
